<collection xmlns="http://www.loc.gov/MARC21/slim">
<record>
  <leader>01601nam0a2200313 i 450 </leader>
  <controlfield tag="001">IT\ICCU\CNCE\000308</controlfield>
  <controlfield tag="005">20070731000000.0</controlfield>
  <datafield tag="012" ind1=" " ind2=" ">
    <subfield code="a">4.8. 1.2. 1.6. Sexx (C) 1522 (R)</subfield>
    <subfield code="2">fei</subfield>
  </datafield>
  <datafield tag="100" ind1=" " ind2=" ">
    <subfield code="a">19970101d1522        0itac0103    ba</subfield>
  </datafield>
  <datafield tag="101" ind1=" " ind2=" ">
    <subfield code="a">LAT</subfield>
  </datafield>
  <datafield tag="102" ind1=" " ind2=" ">
    <subfield code="a">IT</subfield>
  </datafield>
  <datafield tag="200" ind1="1" ind2=" ">
    <subfield code="a">Tabula vtilis et nouissima in pluribus decisiua singulorum que ubique in toto volumine s. constitutionum M. Anchonitane comprehenduntur</subfield>
  </datafield>
  <datafield tag="210" ind1=" " ind2=" ">
    <subfield code="e">Impressum Perusiae</subfield>
    <subfield code="g">apud leonem opera &amp; industria Cosmi Veronensis cognomento Blanchini</subfield>
    <subfield code="h">1522 die vero XXV mensis Septembris</subfield>
  </datafield>
  <datafield tag="215" ind1=" " ind2=" ">
    <subfield code="a">X c.</subfield>
    <subfield code="d">fol</subfield>
  </datafield>
  <datafield tag="500" ind1="1" ind2="1">
    <subfield code="3">IT\ICCU\CNCE\000306</subfield>
    <subfield code="a">Constitutiones Aegidianae</subfield>
  </datafield>
  <datafield tag="620" ind1=" " ind2=" ">
    <subfield code="a">IT</subfield>
    <subfield code="d">Perugia</subfield>
  </datafield>
  <datafield tag="702" ind1=" " ind2="1">
    <subfield code="a">Albornoz,</subfield>
    <subfield code="b">Gil : de</subfield>
    <subfield code="3">IT\ICCU\CNCA\000030</subfield>
  </datafield>
  <datafield tag="712" ind1="0" ind2="0">
    <subfield code="a">Bianchini, Cosimo</subfield>
    <subfield code="3">IT\ICCU\CNCT\000182</subfield>
    <subfield code="4">650</subfield>
  </datafield>
  <datafield tag="790" ind1=" " ind2="1">
    <subfield code="a">Alvarez Carrillo de Albornoz,</subfield>
    <subfield code="b">Gil</subfield>
    <subfield code="3">IT\ICCU\CNCA\007576</subfield>
    <subfield code="z">Albornoz, Gil : de</subfield>
  </datafield>
  <datafield tag="790" ind1=" " ind2="1">
    <subfield code="a">Carrillo de Albornoz,</subfield>
    <subfield code="b">Gil Alvarez</subfield>
    <subfield code="3">IT\ICCU\CNCA\007905</subfield>
    <subfield code="z">Albornoz, Gil : de</subfield>
  </datafield>
  <datafield tag="791" ind1="0" ind2="2">
    <subfield code="a">℗al segno del ℗Leone</subfield>
    <subfield code="c"> &lt;Perugia</subfield>
    <subfield code="c"> ; 1513-1544&gt;</subfield>
    <subfield code="3">IT\ICCU\CNCT\002416</subfield>
    <subfield code="z">Bianchini, Cosimo</subfield>
  </datafield>
  <datafield tag="791" ind1="0" ind2="2">
    <subfield code="a">Cosimo di Bernardo</subfield>
    <subfield code="3">IT\ICCU\CNCT\003637</subfield>
    <subfield code="z">Bianchini, Cosimo</subfield>
  </datafield>
  <datafield tag="791" ind1="0" ind2="0">
    <subfield code="a">Blanchinus, Cosmus</subfield>
    <subfield code="3">IT\ICCU\CNCT\004371</subfield>
    <subfield code="z">Bianchini, Cosimo</subfield>
  </datafield>
  <datafield tag="801" ind1=" " ind2="3">
    <subfield code="a">IT</subfield>
    <subfield code="b">ICCU</subfield>
    <subfield code="c">20201113</subfield>
  </datafield>
  <datafield tag="899" ind1=" " ind2=" ">
    <subfield code="a">Biblioteca di Scienze sociali. Firenze</subfield>
    <subfield code="1">FI0597</subfield>
    <subfield code="2">UFI KE</subfield>
  </datafield>
  <datafield tag="899" ind1=" " ind2=" ">
    <subfield code="a">Biblioteca comunale Francesco Antolisei. San Severino Marche</subfield>
    <subfield code="1">MC0075</subfield>
    <subfield code="2">UMC FA</subfield>
  </datafield>
  <datafield tag="899" ind1=" " ind2=" ">
    <subfield code="a">Biblioteca Estense Universitaria. Modena</subfield>
    <subfield code="1">MO0089</subfield>
    <subfield code="2">MOD BE</subfield>
  </datafield>
  <datafield tag="899" ind1=" " ind2=" ">
    <subfield code="a">Biblioteca comunale Augusta. Perugia</subfield>
    <subfield code="1">PG0109</subfield>
    <subfield code="2">UM1 01</subfield>
  </datafield>
  <datafield tag="899" ind1=" " ind2=" ">
    <subfield code="a">Biblioteca Casanatense. Roma</subfield>
    <subfield code="1">RM0313</subfield>
    <subfield code="2">RML 07</subfield>
  </datafield>
</record>
</collection>
